@misc{Expon0:online,
author = {},
title = {Exponential integral - Wikipedia, the free encyclopedia},
howpublished = {\url{http://en.wikipedia.org/wiki/Exponential_integral}},
month = {},
year = {},
note = {(Visited on 02/07/2015)}
}
@misc{ei:online,
author = {},
title = {指数積分 - Wikipedia},
howpublished = {\url{http://ja.wikipedia.org/wiki/指数積分}},
month = {},
year = {},
note = {(Visited on 02/02/2015)}
}
@misc{akagi3:online,
author = {大島 利雄},
title = {分かる Fuchs 型常微分方程式},
howpublished = {\url{http://akagi.ms.u-tokyo.ac.jp/~oshima/keio0808.pdf}},
month = {},
year = {},
note = {(Visited on 01/15/2015)}
}
@misc{www.s3:online,
author = {},
title = {Hypergeometric Functions and Arrangements of Hyperplanes},
howpublished = {\url{http://www.smcs.num.edu.mn/cimpa/files/HG_Annarbor.pdf}},
month = {},
year = {},
note = {(Visited on 01/12/2015)}
}
@misc{hb3.s6:online,
author = {},
title = {数学Tips ～分岐点とリーマン面～},
howpublished = {\url{http://hb3.seikyou.ne.jp/home/E-Yama/Riemann.pdf}},
month = {},
year = {},
note = {(Visited on 01/12/2015)}
}
@misc{www.e5:online,
author = {},
title = {多価関数の分枝と分岐点},
howpublished = {\url{http://www.ep.sci.hokudai.ac.jp/~pmath1ex/2006/0710/pub/2006-0710.pdf}},
month = {},
year = {},
note = {(Visited on 01/12/2015)}
}
