@Misc{pgraham:aPlanForSpam,
	title = "A Plan For Spam"
	, author = "Paul Graham"
	, year = 2002
	, howpublished = "\url{http://www.paulgraham.com/spam.html}"
}

@Misc{baez+stay:aRossetaStone,
	title = "Physics, Topology, Logic and Computation: A Rosetta Stone"
	, author = "John C. Baez, Mike Stay"
	, year = 2008
	, howpublished = "\url{http://math.ucr.edu/home/baez/rosetta.pdf}"
}

@Misc{stay:blog,
	title = "reperiendi"
	, author = "Mike Stay"
	, year = 2008
	, howpublished = "\url{http://reperiendi.wordpress.com/}"
}

@Misc{ray:homepage,
	title = "Robs Homepage"
	, author = "Rob Ray"
	, year = 2008
	, howpublished = "\url{http://web02.gonzaga.edu/faculty/rayr/}"
}

@Misc{wdic:homepage,
	title = ""
	, author = "\url{http://www.wdic.org/}"
	, year = 2008
	, howpublished = "\url{http://www.wdic.org/}"
}

@Misc{ueyama:homepage,
	title = ""
	, author = "\url{http://www.infonet.co.jp/ueyama/ip/index.html}"
	, year = 2008
	, howpublished = "\url{http://www.infonet.co.jp/ueyama/ip/index.html}"
}
